@inproceedings{BootkrajangKaban2012,
 author = {Bootkrajang, Jakramate and Kab\'{a}n, Ata},
 title = {Label-Noise Robust Logistic Regression and Its Applications},
 booktitle = {Proceedings of the 2012 European Conference on Machine Learning and Knowledge Discovery in Databases - Volume Part I},
 series = {ECML PKDD'12},
 year = {2012},
 isbn = {978-3-642-33459-7},
 location = {Bristol, UK},
 pages = {143--158},
 numpages = {16},
 url = {http://dx.doi.org/10.1007/978-3-642-33460-3_15},
 doi = {10.1007/978-3-642-33460-3_15},
 acmid = {2405492},
 publisher = {Springer-Verlag},
 address = {Berlin, Heidelberg},
} 

@ARTICLE{DempsterLairdRubin77,
    author = {A. P. Dempster and N. M. Laird and D. B. Rubin},
    title = {Maximum likelihood from incomplete data via the EM algorithm},
    journal = {JOURNAL OF THE ROYAL STATISTICAL SOCIETY, SERIES B},
    year = {1977},
    volume = {39},
    number = {1},
    pages = {1--38}
}